@article{Edwards:2011:ACC:1965724.1965742,
  author = {Edwards, Michael},
  title = {Algorithmic Composition: Computational Thinking in Music},
  journal = {Commun. ACM},
  issue_date = {July 2011},
  volume = {54},
  number = {7},
  month = jul,
  year = {2011},
  issn = {0001-0782},
  pages = {58--67},
  numpages = {10},
  url = {http://doi.acm.org/10.1145/1965724.1965742},
  doi = {10.1145/1965724.1965742},
  acmid = {1965742},
  publisher = {ACM},
  address = {New York, NY, USA},} 

@ARTICLE{761266, 
  author={Raphael, C.}, 
  journal={Pattern Analysis and Machine Intelligence, IEEE Transactions on}, 
  title={Automatic segmentation of acoustic musical signals using hidden Markov models}, 
  year={1999}, 
  month={Apr}, 
  volume={21}, 
  number={4}, 
  pages={360-370}, 
  keywords={acoustic signal processing;hidden Markov models;minimisation;music;statistical analysis;unsupervised learning;HMM;acoustic musical signals;automatic musical accompaniment;automatic segmentation;contiguous region sequence;data model parameters;data segmentation;global minimization;hidden Markov models;monophonic music score;online estimation;sampled recording;unsupervised learning;Autocorrelation;Character recognition;Computer errors;Data models;Hidden Markov models;Instruments;Music;Signal analysis;Unsupervised learning;Web pages}, 
  doi={10.1109/34.761266}, 
  ISSN={0162-8828},}
 
@INPROCEEDINGS{1394661, 
  author={Xi Shao and Changsheng Xu and Kankanhalli, M.S.}, 
  booktitle={ICME '04. 2004 IEEE International Conference on Multimedia}, 
  title={Unsupervised classification of music genre using hidden Markov model}, 
  year={2004}, 
  month={June}, 
  volume={3}, 
  pages={2023-2026 Vol.3}, 
  keywords={audio databases;audio signal processing;classification;content-based retrieval;feature extraction;hidden Markov models;indexing;music;content-based music retrieval;feature extraction;hidden Markov model;music indexing;music intrinsic rhythmic structure analysis;musical database management;segmentation scheme;similarity measure;unsupervised clustering method;unsupervised music genre classification;Cepstral analysis;Databases;Feature extraction;Hidden Markov models;Internet;Mel frequency cepstral coefficient;Multiple signal classification;Music;Speech;Taxonomy}, 
  doi={10.1109/ICME.2004.1394661},}
  
@misc{Wiki,
  title = {Hidden Markov model},
  note = {\url{http://en.wikipedia.org/wiki/Hidden_Markov_model}}
}

@misc{Remix,
  title = {Remix API},
  note = {\url{http://echonest.github.io/remix/apidocs/}}
}

@misc{GHMM,
  title = {General Hidden Markov Model},
  note = {\url{http://ghmm.org/}}
}

@misc{Documentation,
  title = {The Echo Nest API Analyze},
  note = {\url{http://developer.echonest.com/docs/v4/_static/AnalyzeDocumentation.pdf}}
}

@INPROCEEDINGS{4626654, 
  author={Sheikholharam, P. and Teshnehlab, M.}, 
  booktitle={HIS '08. Eighth International Conference on Hybrid Intelligent Systems}, 
  title={Music Composition Using Combination of Genetic Algorithms and Recurrent Neural Networks}, 
  year={2008}, 
  month={Sept}, 
  pages={350-355}, 
  keywords={genetic algorithms;music;recurrent neural nets;statistical analysis;combination-theory;fitness function;genetic algorithms;melodic passages;music composition;recurrent neural networks;statistical regularities;Artificial intelligence;Computer networks;Control systems;Genetic algorithms;Humans;Hybrid intelligent systems;Music;Neural networks;Psychoacoustic models;Recurrent neural networks;Creativity;Genetic Algorithms;Music Composition;Recurrent Neural Networks}, 
  doi={10.1109/HIS.2008.46},}

@ARTICLE{5492670, 
author={Schulze, W. and van der Merwe, B.}, 
journal={MultiMedia, IEEE}, 
title={Music Generation with Markov Models}, 
year={2011}, 
month={March}, 
volume={18}, 
number={3}, 
pages={78-85}, 
keywords={hidden Markov models;music;Markov chains;hidden Markov models;music generation;training data;Automata;Hidden Markov models;Human factors;Music generation;Predictive models;Speech processing;Training data;algorithmic music composition;hidden Markov models;probabilistic automata}, 
doi={10.1109/MMUL.2010.44}, 
ISSN={1070-986X},}

@INPROCEEDINGS{4667040, 
author={Youssef, K. and Peng-Yung Woo}, 
booktitle={ICNC '08. Fourth International Conference on Natural Computation}, 
title={Music Note Recognition Based on Neural Networks}, 
year={2008}, 
month={Oct}, 
volume={2}, 
pages={474-478}, 
keywords={acoustic signal processing;delays;music;pattern recognition;self-organising feature maps;vector quantisation;linear vector quantization;music note recognition;neural networks;self organizing maps;time delay;Computer networks;Delay effects;Frequency;Instruments;Music information retrieval;Neural networks;Self organizing feature maps;Signal processing;Vector quantization;Writing;Linear Vector Quantization;Note Recognition;Self Organizing Maps;Time Delay Neural Networks}, 
doi={10.1109/ICNC.2008.831},}

@INPROCEEDINGS{514161, 
author={Matityaho, B. and Furst, M.}, 
booktitle={Electrical and Electronics Engineers in Israel, 1995., Eighteenth Convention of}, 
title={Neural network based model for classification of music type}, 
year={1995}, 
month={March}, 
pages={4.3.4/1-4.3.4/5}, 
keywords={feedforward neural nets;multilayer perceptrons;music;pattern classification;signal representation;decision making system;multi-layer neural network;music type classification;neural network based model;signal representation;Decision making;Ear;Frequency;Humans;Independent component analysis;Multi-layer neural network;Multiple signal classification;Neural networks;Performance analysis;Signal processing}, 
doi={10.1109/EEIS.1995.514161},}

@MISC{_learningmusical,
author = {Weiland, Michele and Smaill, Alan and Nelson, Peter},
title = {LEARNING MUSICAL PITCH STRUCTURES WITH HIERARCHICAL HIDDEN MARKOV MODELS},
year = {}
}

@article{Fine:1998:HHM:325865.325879,
author = {Fine, Shai and Singer, Yoram and Tishby, Naftali},
title = {The Hierarchical Hidden Markov Model: Analysis and Applications},
journal = {Mach. Learn.},
volume = {32},
number = {1},
month = jul,
year = {1998},
issn = {0885-6125},
pages = {41--62},
numpages = {22},
url = {http://dx.doi.org/10.1023/A:1007469218079},
doi = {10.1023/A:1007469218079},
acmid = {325879},
publisher = {Kluwer Academic Publishers},
address = {Hingham, MA, USA},
keywords = {cursive handwriting, hidden variable models, statistical models, temporal pattern recognition},
} 
