@ARTICLE{761266, 
 author={Raphael, C.}, 
 journal={Pattern Analysis and Machine Intelligence, IEEE Transactions on}, 
 title={Automatic segmentation of acoustic musical signals using hidden Markov models}, 
 year={1999}, 
 month={Apr}, 
 volume={21}, 
 number={4}, 
 pages={360-370}, 
 keywords={acoustic signal processing;hidden Markov models;minimisation;music;statistical analysis;unsupervised learning;HMM;acoustic musical signals;automatic musical accompaniment;automatic segmentation;contiguous region sequence;data model parameters;data segmentation;global minimization;hidden Markov models;monophonic music score;online estimation;sampled recording;unsupervised learning;Autocorrelation;Character recognition;Computer errors;Data models;Hidden Markov models;Instruments;Music;Signal analysis;Unsupervised learning;Web pages}, 
 doi={10.1109/34.761266}, 
 ISSN={0162-8828},}
 
 @INPROCEEDINGS{1394661, 
  author={Xi Shao and Changsheng Xu and Kankanhalli, M.S.}, 
  booktitle={Multimedia and Expo, 2004. ICME '04. 2004 IEEE International Conference on}, 
  title={Unsupervised classification of music genre using hidden Markov model}, 
  year={2004}, 
  month={June}, 
  volume={3}, 
  pages={2023-2026 Vol.3}, 
  keywords={audio databases;audio signal processing;classification;content-based retrieval;feature extraction;hidden Markov models;indexing;music;content-based music retrieval;feature extraction;hidden Markov model;music indexing;music intrinsic rhythmic structure analysis;musical database management;segmentation scheme;similarity measure;unsupervised clustering method;unsupervised music genre classification;Cepstral analysis;Databases;Feature extraction;Hidden Markov models;Internet;Mel frequency cepstral coefficient;Multiple signal classification;Music;Speech;Taxonomy}, 
  doi={10.1109/ICME.2004.1394661},}
  
@misc{Wiki,
  title = {Hidden Markov model},
  note = {\url{http://en.wikipedia.org/wiki/Hidden_Markov_model}}
}
  